[gd_scene load_steps=5 format=2]

[ext_resource path="res://Circle.tscn" type="PackedScene" id=1]
[ext_resource path="res://AngleMarkers.tscn" type="PackedScene" id=2]
[ext_resource path="res://MainScene.gd" type="Script" id=3]
[ext_resource path="res://UI.gd" type="Script" id=4]

[node name="MainScene" type="Node2D"]
script = ExtResource( 3 )

[node name="UI" type="Control" parent="."]
margin_right = 40.0
margin_bottom = 40.0
script = ExtResource( 4 )

[node name="GridContainer" type="GridContainer" parent="UI"]
margin_right = 192.0
margin_bottom = 98.0
columns = 3

[node name="Label" type="Label" parent="UI/GridContainer"]
margin_top = 1.0
margin_right = 132.0
margin_bottom = 15.0
text = "Radius:"

[node name="CircleRadiusSlider" type="HSlider" parent="UI/GridContainer"]
margin_left = 136.0
margin_right = 268.0
margin_bottom = 16.0
min_value = 50.0
value = 50.0
allow_greater = true
allow_lesser = true
tick_count = 10
ticks_on_borders = true

[node name="CircleRadiusValue" type="Label" parent="UI/GridContainer"]
margin_left = 272.0
margin_top = 1.0
margin_right = 272.0
margin_bottom = 15.0

[node name="Label6" type="Label" parent="UI/GridContainer"]
margin_top = 21.0
margin_right = 132.0
margin_bottom = 35.0
text = "Center Circle Radius:"

[node name="CenterCircleRadiusSlider" type="HSlider" parent="UI/GridContainer"]
margin_left = 136.0
margin_top = 20.0
margin_right = 268.0
margin_bottom = 36.0
min_value = 5.0
max_value = 50.0
value = 10.0
allow_greater = true
allow_lesser = true
tick_count = 10
ticks_on_borders = true

[node name="CenterCircleRadiusValue" type="Label" parent="UI/GridContainer"]
margin_left = 272.0
margin_top = 21.0
margin_right = 272.0
margin_bottom = 35.0

[node name="Label2" type="Label" parent="UI/GridContainer"]
margin_top = 41.0
margin_right = 132.0
margin_bottom = 55.0
text = "Divisions:"

[node name="DivisionsSlider" type="HSlider" parent="UI/GridContainer"]
margin_left = 136.0
margin_top = 40.0
margin_right = 268.0
margin_bottom = 56.0
min_value = 1.0
value = 32.0
allow_greater = true
tick_count = 10
ticks_on_borders = true

[node name="DivisionsValue" type="Label" parent="UI/GridContainer"]
margin_left = 272.0
margin_top = 41.0
margin_right = 272.0
margin_bottom = 55.0

[node name="Label3" type="Label" parent="UI/GridContainer"]
margin_top = 61.0
margin_right = 132.0
margin_bottom = 75.0
text = "Marker Length:"

[node name="MarkerLengthSlider" type="HSlider" parent="UI/GridContainer"]
margin_left = 136.0
margin_top = 60.0
margin_right = 268.0
margin_bottom = 76.0
value = 10.0
allow_greater = true
allow_lesser = true
tick_count = 10
ticks_on_borders = true

[node name="MarkerLengthValue" type="Label" parent="UI/GridContainer"]
margin_left = 272.0
margin_top = 61.0
margin_right = 272.0
margin_bottom = 75.0

[node name="Label7" type="Label" parent="UI/GridContainer"]
margin_top = 81.0
margin_right = 132.0
margin_bottom = 95.0
text = "Text position:"

[node name="TextPositionSlider" type="HSlider" parent="UI/GridContainer"]
margin_left = 136.0
margin_top = 80.0
margin_right = 268.0
margin_bottom = 96.0
value = 5.0
allow_greater = true
allow_lesser = true
tick_count = 10
ticks_on_borders = true

[node name="TextPositionValue" type="Label" parent="UI/GridContainer"]
margin_left = 272.0
margin_top = 81.0
margin_right = 272.0
margin_bottom = 95.0

[node name="Label4" type="Label" parent="UI/GridContainer"]
margin_top = 103.0
margin_right = 132.0
margin_bottom = 117.0
text = "Circle Color:"

[node name="CircleColorButton" type="ColorPickerButton" parent="UI/GridContainer"]
margin_left = 136.0
margin_top = 100.0
margin_right = 268.0
margin_bottom = 120.0
text = "Circle Color"

[node name="Control" type="Control" parent="UI/GridContainer"]
margin_left = 272.0
margin_top = 100.0
margin_right = 272.0
margin_bottom = 120.0

[node name="Label5" type="Label" parent="UI/GridContainer"]
margin_top = 127.0
margin_right = 132.0
margin_bottom = 141.0
text = "Marker Color:"

[node name="MarkerColorButton" type="ColorPickerButton" parent="UI/GridContainer"]
margin_left = 136.0
margin_top = 124.0
margin_right = 268.0
margin_bottom = 144.0
text = "Marker Color"

[node name="Control2" type="Control" parent="UI/GridContainer"]
margin_left = 272.0
margin_top = 124.0
margin_right = 272.0
margin_bottom = 144.0

[node name="ExportButton" type="Button" parent="UI/GridContainer"]
margin_top = 148.0
margin_right = 132.0
margin_bottom = 168.0
text = "Export to FS"

[node name="ExportButton2" type="Button" parent="UI/GridContainer"]
margin_left = 136.0
margin_top = 148.0
margin_right = 268.0
margin_bottom = 168.0
text = "Export to clipboard"

[node name="CircleWithMarker" type="Node2D" parent="."]
position = Vector2( 255, 269 )
__meta__ = {
"_edit_group_": true
}

[node name="Circle" parent="CircleWithMarker" instance=ExtResource( 1 )]
__meta__ = {
"_edit_group_": true
}

[node name="AngleMarkers" parent="CircleWithMarker" instance=ExtResource( 2 )]
__meta__ = {
"_edit_group_": true
}
marker_length = 30.0
text_position = 20.0

[connection signal="value_changed" from="UI/GridContainer/CircleRadiusSlider" to="." method="_on_CircleRadiusSlider_value_changed"]
[connection signal="value_changed" from="UI/GridContainer/CenterCircleRadiusSlider" to="." method="_on_CenterCircleRadiusSlider_value_changed"]
[connection signal="value_changed" from="UI/GridContainer/DivisionsSlider" to="." method="_on_DivisionsSlider_value_changed"]
[connection signal="value_changed" from="UI/GridContainer/MarkerLengthSlider" to="." method="_on_MarkerLengthSlider_value_changed"]
[connection signal="value_changed" from="UI/GridContainer/TextPositionSlider" to="." method="_on_TextPositionSlider_value_changed"]
[connection signal="color_changed" from="UI/GridContainer/CircleColorButton" to="." method="_on_CircleColorButton_color_changed"]
[connection signal="color_changed" from="UI/GridContainer/MarkerColorButton" to="." method="_on_MarkerColorButton_color_changed"]
[connection signal="pressed" from="UI/GridContainer/ExportButton" to="." method="_on_ExportButton_pressed"]
[connection signal="pressed" from="UI/GridContainer/ExportButton2" to="." method="_on_ExportButton2_pressed"]
